@book{ziviani2007pai,
  title={{Projeto de Algoritmos com implementa{\c{c}}{\~o}es em Pascal e C}},
  author={Ziviani, N.},
  year={2007},
  publisher={Pioneira Thomson Learning}
}

@book{jain1991acs,
  title={{The art of computer systems performance analysis}},
  author={Jain, R.},
  year={1991},
  publisher={John Wiley \& Sons New York}
}

@book{cormen2001ia,
  title={{Introduction to algorithms}},
  author={Cormen, T.H.},
  year={2001},
  publisher={MIT press}
}

@book{kernighan1988cpl,
  title={{The C programming language}},
  author={Kernighan, B.W. and Ritchie, D.M. and Ejeklint, P.},
  year={1988},
  publisher={Prentice-Hall Englewood Cliffs, NJ}
}

@article{sedgewick2001acp,
  title={{Algorithms in C}},
  author={Sedgewick, R.},
  year={2001},
  publisher={Addison-Wesley Professional}
}

